<record><leader>00000cas a22000007a 4500</leader><controlfield tag="001">14914700</controlfield><controlfield tag="008">861202d1861186utxuwr ne      0    0eng d</controlfield><datafield ind1=" " ind2=" " tag="010"><subfield code="a">sn 86090277 </subfield></datafield><datafield ind1=" " ind2=" " tag="040"><subfield code="a">PPM</subfield><subfield code="b">eng</subfield><subfield code="c">PPM</subfield><subfield code="d">OCLCQ</subfield></datafield><datafield ind1=" " ind2=" " tag="042"><subfield code="a">msc</subfield></datafield><datafield ind1="0" ind2=" " tag="130"><subfield code="a">Weekly Alamo express (San Antonio, Tex. : 1861)</subfield></datafield><datafield ind1="1" ind2="4" tag="245"><subfield code="a">The weekly Alamo express.</subfield></datafield><datafield ind1=" " ind2=" " tag="260"><subfield code="a">San Antonio [Tex.] :</subfield><subfield code="b">Newcomb &amp; Baccus,</subfield><subfield code="c">1861-</subfield></datafield><datafield ind1=" " ind2=" " tag="300"><subfield code="a">v. ;</subfield><subfield code="c">58 cm.</subfield></datafield><datafield ind1=" " ind2=" " tag="310"><subfield code="a">Weekly</subfield></datafield><datafield ind1="0" ind2=" " tag="362"><subfield code="a">Vol. 1, no. 1 (Feb. 4, 1861)-</subfield></datafield><datafield ind1=" " ind2=" " tag="515"><subfield code="a">Later resumes numbering of: The Alamo express.</subfield></datafield><datafield ind1=" " ind2=" " tag="580"><subfield code="a">Also published in tri-weekly ed.: Tri-weekly Alamo express.</subfield></datafield><datafield ind1=" " ind2=" " tag="752"><subfield code="a">United States</subfield><subfield code="b">Texas</subfield><subfield code="c">Bexar</subfield><subfield code="d">San Antonio.</subfield></datafield><datafield ind1="1" ind2=" " tag="775"><subfield code="t">Tri-weekly Alamo express</subfield><subfield code="w">(DLC)sn 86089541</subfield></datafield><datafield ind1="0" ind2="0" tag="780"><subfield code="t">Alamo express</subfield><subfield code="w">(DLC)sn 86089536</subfield></datafield></record>